@article{arita99,
author = {Arita, Seigo},
year = {1999},
pages = {165-175},
title = {Algorithms for computations in Jacobian group of $C_{a,b}$ curve and their application to discrete-log-based public key cryptosystems},
journal = {Conference on the Mathematics of Public Key Cryptography},
}

@article{arita03-1,
author = {Arita, Seigo},
year = {2003},
pages = {13-31},
volume = {130},
title = {An Addition Algorithms in Jacobian of $C_{a,b}$ Curves},
journal = {Discrete Applied Mathematics},
}

@article{arita03-2,
author = {Arita, Seigo},
year = {2003},
pages = {93-102},
volume = {LNCS 2727},
title = {An Addition Algorithms in Jacobian of $C_{a,b}$ Curves},
journal = {ACISP 2003},
location = {Wollongong, Australia}
}

@article{arita05-2,
author = {Arita, Seigo},
year = {2005},
pages = {1589-1598},
volume = {E88-A, NO.6},
title = {An Addition Algorithms in Jacobian of $C_{3,4}$ Curve},
journal = {IEICE TRANS. FOUND.},
}

@article{conrad,
author = {Conrad, Keith},
%year = {2005},
%pages = {1589-1598},
%volume = {E88-A, NO.6},
title = {Ideal Factorization},
%journal = {IEICE TRANS. FOUND.},
url = {https://kconrad.math.uconn.edu/blurbs/gradnumthy/idealfactor.pdf}} Corollary 3.3}
}

@book{cox07,
author = {Cox, David and Little, John and O'Shea, Donal},
year = {2007},
title = {Ideals, Varieties, and Algorithms. An Introduction to Computational Algebraic Geometry and Commutative Algebra. 3rd ed},
journal = {SERBIULA (sistema Librum 2.0)},
doi = {10.1007/978-1-4757-2181-2}
}

@book{eisenbud95,
author = {Eisenbud, David},
year = {1995},
month = {01},
title = {Commutative Algebra with a View Toward Algebraic Geometry},
volume = {150},
journal = {Graduate Texts in Mathematics},
doi = {10.1007/978-1-4612-5350-1}
}

@book{eisenbud00,
author = {Eisenbud, David and Harris, Joe},
year = {2000},
title = {The Geometry of Schemes},
journal = {Graduate Texts in Mathematics},
volume = {197}
}

@article{flon08,
author = {St\'ephane Flon, Roger Oyono, and Christophe Ritzenthaler},
title = {Fast Addition on Non-Hyperelliptic Genus 3 Curves},
journal = {Algebraic geometry and its applications, Proceedings of the first SAGA conference, Ser. Number theory and its applications},
volume = {4},
year = {2008},
publisher = {World Sci. Publ.},
location = {Hackensack, NJ},
pages = {1--28}
}

@inproceedings{harasawa00,
author = {Harasawa, Ryuichi and Suzuki, Joe},
year = {2000},
month = {01},
pages = {359-376},
title = {Fast Jacobian Group Arithmetic on Cab Curves},
volume = {LNCS 1838},
journal = {ANTS-IV},
doi = {10.1007/10722028_21}
}

@book{hungerford,
author = {Hungerford, Thomas W.},
title = {Algebra},
journal = {Graduate Texts in Mathematics},
volume = {73},
publisher = {Springer-Verlag},
location = {New York},
year = {1974}
}

@article{kmakdisi18,
author = {Khuri-Makdisi, Kamal},
title = {On Jacobian Group Arithmetic for Typical Divisors on Curves},
journal = {Research in Number Theory},
volume = {4},
year = {2018},
pages = {29}
}

@book{nagata62,
author = {Nagata, Masayoshi},
title = {Local Rings},
journal = {Tracts in Pure and Applied Mathematics},
volume = {13},
publisher = {Wiley/Interscience},
location = {New York and London},
year = {1962}
}

@article{robbiano86,
author = {Robbiano, Lorenzo},
year = {1986},
month = {06},
pages = {139-170},
title = {On the theory of graded structures},
volume = {2},
journal = {Journal of Symbolic Computation},
doi = {10.1016/S0747-7171(86)80019-0}
}

@article{salem07,
author = {Abu Salem, Fatima and Khuri-Makdisi, Kamal},
year = {2006},
month = {11},
pages = {},
title = {Fast Jacobian group operations for $C_{3,4}$ curves over a large finite field},
volume = {10},
journal = {LMS Journal of Computation and Mathematics},
doi = {10.1112/S146115700000142X}
}

