@article{arita99,
author = {Arita, Seigo},
year = {1999},
month = {},
pages = {165-175},
title = {Algorithms for computations in Jacobian group of $C_{a,b}$ curve and their application to discrete-log-based public key cryptosystems},
journal = {Conference on the Mathematics of Public Key Cryptography},
}

@article{arita03-1,
author = {Arita, Seigo},
year = {2003},
month = {},
pages = {13-31},
volume = {130},
title = {An Addition Algorithms in Jacobian of $C_{a,b}$ Curves},
journal = {Discrete Applied Mathematics},
}

@article{arita03-2,
author = {Arita, Seigo},
year = {2003},
month = {},
pages = {93-102},
volume = {LNCS 2727},
title = {An Addition Algorithms in Jacobian of $C_{a,b}$ Curves},
journal = {ACISP 2003},
location = {Wollongong, Australia}
}

@article{arita05-2,
author = {Arita, Seigo},
year = {2005},
pages = {1589-1598},
volume = {E88-A, NO.6},
title = {An Addition Algorithm in Jacobian of $C_{3,4}$ Curve},
journal = {IEICE Trans. Fundamentals},
}

@book{cox07,
author = {Cox, David and Little, John and O'Shea, Donal},
year = {2007},
month = {03},
pages = {},
title = {Ideals, Varieties, and Algorithms. An Introduction to Computational Algebraic Geometry and Commutative Algebra. 3rd ed},
journal = {SERBIULA (sistema Librum 2.0)},
}

@book{eisenbud95,
author = {Eisenbud, David},
year = {1995},
month = {01},
pages = {},
title = {Commutative Algebra with a View Toward Algebraic Geometry},
volume = {150},
journal = {Graduate Texts in Mathematics},
}

@inbook{flon08,
author = {Stephane Flon and Roger Oyono and Christophe Ritzenthaler},
title = {Fast addition on non-hyperelliptic genus 3 curves},
booktitle = {Algebraic Geometry and Its Applications},
pages = {1-28},
}

@inproceedings{harasawa00,
author = {Harasawa, Ryuichi and Suzuki, Joe},
year = {2000},
month = {01},
pages = {359-376},
title = {Fast Jacobian Group Arithmetic on Cab Curves},
volume = {LNCS 1838},
journal = {ANTS-IV},
}

@article{kamal07,
  title={Fast Jacobian Group Operations for C3,4 Curves over a Large Finite Field},
  volume={10},
  journal={LMS Journal of Computation and Mathematics},
  publisher={Cambridge University Press},
  author={Abu Salem, Fatima K. and Khuri-Makdisi, Kamal},
  year={2007},
  pages={307-328}
}

@article{kamal18,
  author="Khuri-Makdisi, Kamal",
  title="On Jacobian group arithmetic for typical divisors on curves",
  journal="Research in Number Theory",
  year="2018",
  month="Jan",
  day="31",
  volume="4",
  number="1",
  pages="3",
  issn="2363-9555",
}

@article{robbiano86,
author = {Robbiano, Lorenzo},
year = {1986},
month = {06},
pages = {139-170},
title = {On the theory of graded structures},
volume = {2},
journal = {Journal of Symbolic Computation},
}

@article{salem07,
author = {Abu Salem, Fatima and Khuri-Makdisi, Kamal},
year = {2006},
month = {11},
pages = {},
title = {Fast Jacobian group operations for $C_{3,4}$ curves over a large finite field},
volume = {10},
journal = {LMS Journal of Computation and Mathematics},
}

